@article{vinje2021brain,
  title={Brain solute transport is more rapid in periarterial than perivenous spaces},
  author={Vinje, Vegard and Bakker, Erik NTP and Rognes, Marie E},
  journal={Scientific Reports},
  volume={11},
  number={1},
  pages={1--11},
  year={2021},
  publisher={Springer}
}

@article{mestre2018flow,
  title={Flow of cerebrospinal fluid is driven by arterial pulsations and is reduced in hypertension},
  author={Mestre, Humberto and Tithof, Jeffrey and Du, Ting and Song, Wei and Peng, Weiguo and Sweeney, Amanda M and Olveda, Genaro and Thomas, John H and Nedergaard, Maiken and Kelley, Douglas H},
  journal={Nature communications},
  volume={9},
  number={1},
  pages={4878},
  year={2018},
  publisher={Nature Publishing Group UK London}
}

@article{tithof2022network,
  title={A network model of glymphatic flow under different experimentally-motivated parametric scenarios},
  author={Tithof, Jeffrey and Boster, Kimberly AS and Bork, Peter AR and Nedergaard, Maiken and Thomas, John H and Kelley, Douglas H},
  journal={Iscience},
  volume={25},
  number={5},
  year={2022},
  publisher={Elsevier}
}
@article{daversin2022geometrically,
  title={Geometrically reduced modelling of pulsatile flow in perivascular networks},
  author={Daversin-Catty, C{\'e}cile and Gjerde, Ingeborg G and Rognes, Marie E},
  journal={Frontiers in Physics},
  volume={10},
  pages={882260},
  year={2022},
  publisher={Frontiers}
}

@article{bollmann2022imaging,
  title={Imaging of the pial arterial vasculature of the human brain in vivo using high-resolution {7T} time-of-flight angiography},
  author={Bollmann, Saskia and Mattern, Hendrik and Bernier, Micha{\"e}l and Robinson, Simon D and Park, Daniel and Speck, Oliver and Polimeni, Jonathan R},
  journal={Elife},
  volume={11},
  pages={e71186},
  year={2022},
  publisher={eLife Sciences Publications Limited}
}

@article{hornkjol2022csf,  
  title={{CSF} circulation and dispersion yield rapid clearance from intracranial compartments.},
  author={Hornkj{\o}l, M and Valnes, LM and Ringstad, G and Rognes, ME and Eide, PK and Mardal, KA and Vinje, V},
  journal={Frontiers in Bioengineering and Biotechnology},
  volume={10},
  pages={932469--932469},
  year={2022}
}


@article{masri2023modelling,  
  title={The modelling error in multi-dimensional time-dependent solute transport models},
  author={Masri, R and Zeinhofer, M and Kuchta, M and Rognes, ME},
  journal={arXiv},
  year={2023}
}

@book{mardal2022mathematical, 
  title={Mathematical modeling of the human brain: from magnetic resonance images to finite element simulation},
  author={Mardal, Kent-Andr{\'e} and Rognes, Marie E and Thompson, Travis B and Valnes, Lars Magnus},
  year={2022},
  publisher={Springer Nature}
}

@article{mestre2022periarteriolar,  
title={Periarteriolar spaces modulate cerebrospinal fluid transport into brain and demonstrate altered morphology in aging and {Alzheimerâ€™s} disease},
  author={Mestre, Humberto and Verma, Natasha and Greene, Thom D and Lin, LiJing A and Ladron-de-Guevara, Antonio and Sweeney, Amanda M and Liu, Guojun and Thomas, V Kaye and Galloway, Chad A and de Mesy Bentley, Karen L and others},
  journal={Nature Communications},
  volume={13},
  number={1},
  pages={3897},
  year={2022},
  publisher={Nature Publishing Group UK London}
}

@article{valnes2020apparent,
  title={Apparent diffusion coefficient estimates based on 24 hours tracer movement support glymphatic transport in human cerebral cortex},
  author={Valnes, Lars Magnus and Mitusch, Sebastian K and Ringstad, Geir and Eide, Per Kristian and Funke, Simon W and Mardal, Kent-Andre},
  journal={Scientific reports},
  volume={10},
  number={1},
  pages={9176},
  year={2020},
  publisher={Nature Publishing Group UK London}
}
@article{nicholson1981ion,
  title={Ion diffusion modified by tortuosity and volume fraction in the extracellular microenvironment of the rat cerebellum.},
  author={Nicholson, Ch and Phillips, JM1249623},
  journal={The Journal of physiology},
  volume={321},
  number={1},
  pages={225--257},
  year={1981},
  publisher={Wiley Online Library}
}
@article{koch2023estimates,
  title={Estimates of the permeability of extra-cellular pathways through the astrocyte endfoot sheath},
  author={Koch, Timo and Vinje, Vegard and Mardal, Kent-Andr{\'e}},
  journal={Fluids and Barriers of the CNS},
  volume={20},
  number={1},
  pages={1--18},
  year={2023},
  publisher={BioMed Central}
}